<?xml version="1.0" encoding="UTF-8"?><record xmlns="http://www.loc.gov/MARC21/slim" xmlns:cinclude="http://apache.org/cocoon/include/1.0" xmlns:zs="http://www.loc.gov/zing/srw/">
  <leader>00505nz  a2200121n  4500</leader>
  <controlfield tag="001">n  89628351 </controlfield>
  <controlfield tag="003">DLC</controlfield>
  <controlfield tag="005">19890509152714.8</controlfield>
  <controlfield tag="008">890509n| acannaab|          |n and |||  </controlfield>
  <datafield tag="010" ind1=" " ind2=" ">
    <subfield code="a">n  89628351 </subfield>
  </datafield>
  <datafield tag="040" ind1=" " ind2=" ">
    <subfield code="a">DLC</subfield>
    <subfield code="c">DLC</subfield>
  </datafield>
  <datafield tag="110" ind1="2" ind2="0">
    <subfield code="a">Vermont Forest Resource Advisory Council.</subfield>
    <subfield code="b">Resource Management Committee</subfield>
  </datafield>
  <datafield tag="670" ind1=" " ind2=" ">
    <subfield code="a">nuc89-50838: Its Report and preliminary recommendations ... 1979</subfield>
    <subfield code="b">(hdg. on ViU rept.: Vermont Forest Resource Advisory Council. Resource Management Committee; usage: Resource Management Committee)</subfield>
  </datafield>
</record>